<?xml version="1.0"?>
<marc:collection xmlns:marc="http://www.loc.gov/MARC21/slim" xmlns:xsi="http://www.w3.org/2001/XMLSchema-instance" xsi:schemaLocation="http://www.loc.gov/MARC21/slim http://www.loc.gov/standards/marcxml/schema/MARC21slim.xsd">
   <marc:record type="Bibliographic">
      <marc:leader>02505cam a2200493 a 4500</marc:leader>
      <marc:controlfield tag="001">972111</marc:controlfield>
      <marc:controlfield tag="003">NjP</marc:controlfield>
      <marc:controlfield tag="005">20140429134911.0</marc:controlfield>
      <marc:controlfield tag="008">940908s1989    ir       b    000 0 ara d</marc:controlfield>
      <marc:datafield tag="024" ind1="7" ind2=" ">
         <marc:subfield code="a">princeton_aco000036</marc:subfield>
         <marc:subfield code="2">local</marc:subfield>
      </marc:datafield>
      <marc:datafield tag="035" ind1=" " ind2=" ">
         <marc:subfield code="a">(OCoLC)ocn176496832</marc:subfield>
      </marc:datafield>
      <marc:datafield tag="035" ind1=" " ind2=" ">
         <marc:subfield code="a">(OCoLC)32540518</marc:subfield>
      </marc:datafield>
      <marc:datafield tag="040" ind1=" " ind2=" ">
         <marc:subfield code="a">NjP</marc:subfield>
         <marc:subfield code="c">PUL</marc:subfield>
         <marc:subfield code="d">PUL</marc:subfield>
      </marc:datafield>
      <marc:datafield tag="035" ind1=" " ind2=" ">
         <marc:subfield code="a">(OCoLC)176496832</marc:subfield>
      </marc:datafield>
      <marc:datafield tag="035" ind1=" " ind2=" ">
         <marc:subfield code="a">(CStRLIN)NJPG94-B53046</marc:subfield>
      </marc:datafield>
      <marc:datafield tag="035" ind1=" " ind2=" ">
         <marc:subfield code="9">CBT8192TS</marc:subfield>
      </marc:datafield>
      <marc:datafield tag="035" ind1=" " ind2=" ">
         <marc:subfield code="a">(NjP)972111</marc:subfield>
      </marc:datafield>
      <marc:datafield tag="043" ind1=" " ind2=" ">
         <marc:subfield code="a">ma-----</marc:subfield>
      </marc:datafield>
      <marc:datafield tag="079" ind1=" " ind2=" ">
         <marc:subfield code="a">ocm32540518</marc:subfield>
      </marc:datafield>
      <marc:datafield tag="049" ind1=" " ind2=" ">
         <marc:subfield code="a">PULL</marc:subfield>
      </marc:datafield>
      <marc:datafield tag="100" ind1="1" ind2=" ">
         <marc:subfield code="6">880-01</marc:subfield>
         <marc:subfield code="a">Ha&#x304;shimi&#x304;, Ah&#x323;mad.</marc:subfield>
      </marc:datafield>
      <marc:datafield tag="245" ind1="1" ind2="3">
         <marc:subfield code="6">880-02</marc:subfield>
         <marc:subfield code="a">al-Qawa&#x304;&#x2BB;id al-asa&#x304;si&#x304;yah lil-lughah al-&#x2BB;Arabi&#x304;yah :</marc:subfield>
         <marc:subfield code="b">h&#x323;asab manhaj "Matn al-Alfi&#x304;yah" li-Ibn Ma&#x304;lik wa-khula&#x304;s&#x323;at al-shurra&#x304;h&#x323; li-Ibn Hisha&#x304;m wa-Ibn &#x2BB;Aqi&#x304;l wa-al-Ushmu&#x304;ni&#x304; /</marc:subfield>
         <marc:subfield code="c">ta&#x2BC;li&#x304;f Ah&#x323;mad al-Ha&#x304;shimi&#x304;.</marc:subfield>
      </marc:datafield>
      <marc:datafield tag="250" ind1=" " ind2=" ">
         <marc:subfield code="6">880-03</marc:subfield>
         <marc:subfield code="a">al-T&#x323;ab&#x2BB;ah 2.</marc:subfield>
      </marc:datafield>
      <marc:datafield tag="260" ind1=" " ind2=" ">
         <marc:subfield code="6">880-04</marc:subfield>
         <marc:subfield code="a">[Iran] :</marc:subfield>
         <marc:subfield code="b">Da&#x304;r al-Hijrah,</marc:subfield>
         <marc:subfield code="c">1410 [1989 or 1990]</marc:subfield>
      </marc:datafield>
      <marc:datafield tag="300" ind1=" " ind2=" ">
         <marc:subfield code="a">368, 16 p. ;</marc:subfield>
         <marc:subfield code="c">24 cm.</marc:subfield>
      </marc:datafield>
      <marc:datafield tag="504" ind1=" " ind2=" ">
         <marc:subfield code="a">Includes bibliographical references.</marc:subfield>
      </marc:datafield>
      <marc:datafield tag="600" ind1="1" ind2="0">
         <marc:subfield code="6">880-05</marc:subfield>
         <marc:subfield code="a">Ibn Ma&#x304;lik, Muh&#x323;ammad ibn &#x2BB;Abd Alla&#x304;h,</marc:subfield>
         <marc:subfield code="d">d. 1274.</marc:subfield>
         <marc:subfield code="t">Alfi&#x304;yah.</marc:subfield>
      </marc:datafield>
      <marc:datafield tag="650" ind1=" " ind2="0">
         <marc:subfield code="a">Arabic language</marc:subfield>
         <marc:subfield code="x">Grammar</marc:subfield>
         <marc:subfield code="x">Early works to 1800.</marc:subfield>
      </marc:datafield>
      <marc:datafield tag="700" ind1="1" ind2="2">
         <marc:subfield code="6">880-06</marc:subfield>
         <marc:subfield code="a">Ibn Ma&#x304;lik, Muh&#x323;ammad ibn &#x2BB;Abd Alla&#x304;h,</marc:subfield>
         <marc:subfield code="d">d. 1274.</marc:subfield>
         <marc:subfield code="t">Alfi&#x304;yah.</marc:subfield>
      </marc:datafield>
      <marc:datafield tag="700" ind1="1" ind2=" ">
         <marc:subfield code="6">880-07</marc:subfield>
         <marc:subfield code="a">Ibn &#x2BB;Aqi&#x304;l, &#x2BB;Abd Alla&#x304;h ibn &#x2BB;Abd al-Rah&#x323;ma&#x304;n,</marc:subfield>
         <marc:subfield code="d">1294?-1367.</marc:subfield>
      </marc:datafield>
      <marc:datafield tag="700" ind1="1" ind2=" ">
         <marc:subfield code="6">880-08</marc:subfield>
         <marc:subfield code="a">Ushmu&#x304;ni&#x304;, &#x2BB;Ali&#x304; ibn Muh&#x323;ammad,</marc:subfield>
         <marc:subfield code="d">1435-1494 or 5.</marc:subfield>
      </marc:datafield>
      <marc:datafield tag="700" ind1="1" ind2=" ">
         <marc:subfield code="6">880-09</marc:subfield>
         <marc:subfield code="a">Ibn Hisha&#x304;m, &#x2BB;Abd Alla&#x304;h ibn Yu&#x304;suf,</marc:subfield>
         <marc:subfield code="d">1309-1360.</marc:subfield>
      </marc:datafield>
      <marc:datafield tag="880" ind1="1" ind2=" ">
         <marc:subfield code="6">100-01/r</marc:subfield>
         <marc:subfield code="a">&#x647;&#x627;&#x634;&#x645;&#x64A;&#x60C; &#x627;&#x62D;&#x645;&#x62F;.</marc:subfield>
      </marc:datafield>
      <marc:datafield tag="880" ind1="1" ind2="2">
         <marc:subfield code="6">245-02/r</marc:subfield>
         <marc:subfield code="a">&#x627;&#x644;&#x642;&#x648;&#x627;&#x639;&#x62F; &#x627;&#x644;&#x627;&#x633;&#x627;&#x633;&#x64A;&#x629; &#x644;&#x644;&#x644;&#x63A;&#x629; &#x627;&#x644;&#x639;&#x631;&#x628;&#x64A;&#x629; :</marc:subfield>
         <marc:subfield code="b">&#x62D;&#x633;&#x628; &#x645;&#x646;&#x647;&#x62C; "&#x645;&#x62A;&#x646; &#x627;&#x644;&#x627;&#x644;&#x641;&#x64A;&#x629;" &#x644;&#x627;&#x628;&#x646; &#x645;&#x627;&#x644;&#x643; &#x648;&#x62E;&#x644;&#x627;&#x635;&#x629; &#x627;&#x644;&#x634;&#x631;&#x627;&#x62D; &#x644;&#x627;&#x628;&#x646; &#x647;&#x634;&#x627;&#x645; &#x648;&#x627;&#x628;&#x646; &#x639;&#x642;&#x64A;&#x644; &#x648;&#x627;&#x644;&#x627;&#x634;&#x645;&#x648;&#x646;&#x64A; /</marc:subfield>
         <marc:subfield code="c">&#x62A;&#x623;&#x644;&#x64A;&#x641; &#x627;&#x62D;&#x645;&#x62F; &#x627;&#x644;&#x647;&#x627;&#x634;&#x645;&#x64A;.</marc:subfield>
      </marc:datafield>
      <marc:datafield tag="880" ind1=" " ind2=" ">
         <marc:subfield code="6">250-03/r</marc:subfield>
         <marc:subfield code="a">&#x627;&#x644;&#x637;&#x628;&#x639;&#x629; 2.</marc:subfield>
      </marc:datafield>
      <marc:datafield tag="880" ind1=" " ind2=" ">
         <marc:subfield code="6">260-04/r</marc:subfield>
         <marc:subfield code="a">[&#x627;&#x64A;&#x631;&#x627;&#x646;] :</marc:subfield>
         <marc:subfield code="b">&#x62F;&#x627;&#x631; &#x627;&#x644;&#x647;&#x62C;&#x631;&#x629;&#x60C;</marc:subfield>
         <marc:subfield code="c">1410 [1989 or 1990]</marc:subfield>
      </marc:datafield>
      <marc:datafield tag="880" ind1="1" ind2="0">
         <marc:subfield code="6">600-05/r</marc:subfield>
         <marc:subfield code="a">&#x627;&#x628;&#x646; &#x645;&#x627;&#x644;&#x643;&#x60C; &#x645;&#x62D;&#x645;&#x62F; &#x628;&#x646; &#x639;&#x628;&#x62F; &#x627;&#x644;&#x644;&#x647;&#x60C;</marc:subfield>
         <marc:subfield code="d">d. 1274.</marc:subfield>
         <marc:subfield code="t">&#x627;&#x644;&#x641;&#x64A;&#x629;.</marc:subfield>
      </marc:datafield>
      <marc:datafield tag="880" ind1="1" ind2="2">
         <marc:subfield code="6">700-06/r</marc:subfield>
         <marc:subfield code="a">&#x627;&#x628;&#x646; &#x645;&#x627;&#x644;&#x643;&#x60C; &#x645;&#x62D;&#x645;&#x62F; &#x628;&#x646; &#x639;&#x628;&#x62F; &#x627;&#x644;&#x644;&#x647;&#x60C;</marc:subfield>
         <marc:subfield code="d">d. 1274.</marc:subfield>
         <marc:subfield code="t">&#x627;&#x644;&#x641;&#x64A;&#x629;.</marc:subfield>
      </marc:datafield>
      <marc:datafield tag="880" ind1="1" ind2=" ">
         <marc:subfield code="6">700-07/r</marc:subfield>
         <marc:subfield code="a">&#x627;&#x628;&#x646; &#x639;&#x642;&#x64A;&#x644;&#x60C; &#x639;&#x628;&#x62F; &#x627;&#x644;&#x644;&#x647; &#x628;&#x646; &#x639;&#x628;&#x62F; &#x627;&#x644;&#x631;&#x62D;&#x645;&#x646;&#x60C;</marc:subfield>
         <marc:subfield code="d">1294&#x61F;1367.</marc:subfield>
      </marc:datafield>
      <marc:datafield tag="880" ind1="1" ind2=" ">
         <marc:subfield code="6">700-08/r</marc:subfield>
         <marc:subfield code="a">&#x627;&#x634;&#x645;&#x648;&#x646;&#x64A;&#x60C; &#x639;&#x644;&#x64A; &#x628;&#x646; &#x645;&#x62D;&#x645;&#x62F;&#x60C;</marc:subfield>
         <marc:subfield code="d">1435-1494 or 5.</marc:subfield>
      </marc:datafield>
      <marc:datafield tag="880" ind1="1" ind2=" ">
         <marc:subfield code="6">700-09/r</marc:subfield>
         <marc:subfield code="a">&#x627;&#x628;&#x646; &#x647;&#x634;&#x627;&#x645;&#x60C; &#x639;&#x628;&#x62F; &#x627;&#x644;&#x644;&#x647; &#x628;&#x646; &#x64A;&#x648;&#x633;&#x641;&#x60C;</marc:subfield>
         <marc:subfield code="d">1309-1360.</marc:subfield>
      </marc:datafield>
      <marc:datafield tag="998" ind1=" " ind2=" ">
         <marc:subfield code="a">05/17/95</marc:subfield>
         <marc:subfield code="s">9114</marc:subfield>
         <marc:subfield code="n">NjP</marc:subfield>
         <marc:subfield code="w">NJPG94B53046</marc:subfield>
         <marc:subfield code="d">09/08/94</marc:subfield>
         <marc:subfield code="c">KC</marc:subfield>
         <marc:subfield code="b">KC</marc:subfield>
         <marc:subfield code="i">950517</marc:subfield>
         <marc:subfield code="l">NJPG</marc:subfield>
      </marc:datafield>
      <marc:datafield tag="911" ind1=" " ind2=" ">
         <marc:subfield code="a">19950525</marc:subfield>
      </marc:datafield>
      <marc:datafield tag="912" ind1=" " ind2=" ">
         <marc:subfield code="a">19950517000000.0</marc:subfield>
      </marc:datafield>
      <marc:datafield tag="994" ind1=" " ind2=" ">
         <marc:subfield code="a">C0</marc:subfield>
         <marc:subfield code="b">PUL</marc:subfield>
      </marc:datafield>
      <marc:datafield tag="999" ind1=" " ind2=" ">
         <marc:subfield code="a">972111</marc:subfield>
      </marc:datafield>
   </marc:record>
</marc:collection>
